@article{eather1969latitudinal,
  title={Latitudinal distribution of auroral and airglow emissions: The ‘soft’auroral zone},
  author={Eather, RH},
  journal={Journal of Geophysical Research},
  volume={74},
  number={1},
  pages={153--158},
  year={1969},
  publisher={Wiley Online Library}
}

@article{leinert1975zodiacal,
  title={Zodiacal light—a measure of the interplanetary environment},
  author={Leinert, Christoph},
  journal={Space Science Reviews},
  volume={18},
  number={3},
  pages={281--339},
  year={1975},
  publisher={Springer}
}

@article{frey1974photometry,
  title={Photometry of the zodiacal light with the balloon-borne telescope THISBE},
  author={Frey, A and Hofmann, W and Lemke, D and Thum, C},
  journal={Astronomy and Astrophysics},
  volume={36},
  pages={447--454},
  year={1974}
}

@article{leinert19981997,
  title={The 1997 reference of diffuse night sky brightness},
  author={Leinert, Ch and Bowyer, S and Haikala, LK and Hanner, MS and Hauser, MG and Levasseur-Regourd, A-Ch and Mann, I and Mattila, K and Reach, WT and Schlosser, W and others},
  journal={Astronomy and Astrophysics Supplement Series},
  volume={127},
  number={1},
  pages={1--99},
  year={1998},
  publisher={EDP Sciences}
}